{"order_id": "ORD_37f821aadd57", "symbol": "AAPL", "side": "SELL", "quantity": 79.62615760468157, "price": 175.64847076053277, "notional": 13986.212815799485, "slippage_bps": 19.97325224245588, "latency_bars": 0, "timestamp": "2025-09-16T09:30:00Z", "trade_id": "TRD_000001"}
{"order_id": "ORD_9578d0d747b2", "symbol": "MSFT", "side": "BUY", "quantity": 6.3170296969880155, "price": 331.5923771817525, "notional": 2094.678893951982, "slippage_bps": 14.266041971265363, "latency_bars": 0, "timestamp": "2025-09-16T09:31:00Z", "trade_id": "TRD_000002"}
{"order_id": "ORD_25d6ec2a1ced", "symbol": "GOOGL", "side": "BUY", "quantity": 218.33912488475994, "price": 141.5313534128687, "notional": 30901.831847921432, "slippage_bps": 29.14919308876796, "latency_bars": 0, "timestamp": "2025-09-16T09:32:00Z", "trade_id": "TRD_000003"}
{"order_id": "ORD_be79e1df2c35", "symbol": "SPY", "side": "BUY", "quantity": 48.425466082218804, "price": 446.892497883827, "notional": 21640.977498671302, "slippage_bps": 19.786504424273314, "latency_bars": 0, "timestamp": "2025-09-16T09:30:00Z", "trade_id": "TRD_000004"}
{"order_id": "ORD_871bb5d72230", "symbol": "DUST", "side": "BUY", "quantity": 2674.8302618816683, "price": 10.455363721741628, "notional": 27966.323281894256, "slippage_bps": 150.83856479769753, "latency_bars": 0, "timestamp": "2025-09-16T09:31:00Z", "trade_id": "TRD_000005"}
{"order_id": "ORD_1e7bf42f5cf9", "symbol": "AAPL", "side": "SELL", "quantity": 79.62615760468157, "price": 175.64847076053277, "notional": 13986.212815799485, "slippage_bps": 19.97325224245588, "latency_bars": 0, "timestamp": "2025-09-16T09:30:00Z", "trade_id": "TRD_000001"}
{"order_id": "ORD_4c36b56ca7a1", "symbol": "MSFT", "side": "BUY", "quantity": 6.3170296969880155, "price": 331.5923771817525, "notional": 2094.678893951982, "slippage_bps": 14.266041971265363, "latency_bars": 0, "timestamp": "2025-09-16T09:31:00Z", "trade_id": "TRD_000002"}
{"order_id": "ORD_b299fe3badc7", "symbol": "GOOGL", "side": "BUY", "quantity": 218.33912488475994, "price": 141.5313534128687, "notional": 30901.831847921432, "slippage_bps": 29.14919308876796, "latency_bars": 0, "timestamp": "2025-09-16T09:32:00Z", "trade_id": "TRD_000003"}
{"order_id": "ORD_b46992ad9b7b", "symbol": "SPY", "side": "BUY", "quantity": 48.425466082218804, "price": 446.892497883827, "notional": 21640.977498671302, "slippage_bps": 19.786504424273314, "latency_bars": 0, "timestamp": "2025-09-16T09:30:00Z", "trade_id": "TRD_000004"}
{"order_id": "ORD_16db91189136", "symbol": "DUST", "side": "BUY", "quantity": 2674.8302618816683, "price": 10.455363721741628, "notional": 27966.323281894256, "slippage_bps": 150.83856479769753, "latency_bars": 0, "timestamp": "2025-09-16T09:31:00Z", "trade_id": "TRD_000005"}
{"order_id": "ORD_d5190aeba5f0", "symbol": "AAPL", "side": "SELL", "quantity": 79.62615760468157, "price": 175.64847076053277, "notional": 13986.212815799485, "slippage_bps": 19.97325224245588, "latency_bars": 0, "timestamp": "2025-09-16T09:30:00Z", "trade_id": "TRD_000001"}
{"order_id": "ORD_3c95ffc3d597", "symbol": "MSFT", "side": "BUY", "quantity": 6.3170296969880155, "price": 331.5923771817525, "notional": 2094.678893951982, "slippage_bps": 14.266041971265363, "latency_bars": 0, "timestamp": "2025-09-16T09:31:00Z", "trade_id": "TRD_000002"}
{"order_id": "ORD_2f588c41e98d", "symbol": "GOOGL", "side": "BUY", "quantity": 218.33912488475994, "price": 141.5313534128687, "notional": 30901.831847921432, "slippage_bps": 29.14919308876796, "latency_bars": 0, "timestamp": "2025-09-16T09:32:00Z", "trade_id": "TRD_000003"}
{"order_id": "ORD_2fdff5a8fdfb", "symbol": "SPY", "side": "BUY", "quantity": 48.425466082218804, "price": 446.892497883827, "notional": 21640.977498671302, "slippage_bps": 19.786504424273314, "latency_bars": 0, "timestamp": "2025-09-16T09:30:00Z", "trade_id": "TRD_000004"}
{"order_id": "ORD_240a28aaf830", "symbol": "DUST", "side": "BUY", "quantity": 2674.8302618816683, "price": 10.455363721741628, "notional": 27966.323281894256, "slippage_bps": 150.83856479769753, "latency_bars": 0, "timestamp": "2025-09-16T09:31:00Z", "trade_id": "TRD_000005"}
{"order_id": "ORD_02a925895940", "symbol": "AAPL", "side": "SELL", "quantity": 79.62615760468157, "price": 175.64847076053277, "notional": 13986.212815799485, "slippage_bps": 19.97325224245588, "latency_bars": 0, "timestamp": "2025-09-16T09:30:00Z", "trade_id": "TRD_000001"}
{"order_id": "ORD_94a0747b4f9d", "symbol": "MSFT", "side": "BUY", "quantity": 6.3170296969880155, "price": 331.5923771817525, "notional": 2094.678893951982, "slippage_bps": 14.266041971265363, "latency_bars": 0, "timestamp": "2025-09-16T09:31:00Z", "trade_id": "TRD_000002"}
{"order_id": "ORD_cea38c80ffc6", "symbol": "GOOGL", "side": "BUY", "quantity": 218.33912488475994, "price": 141.5313534128687, "notional": 30901.831847921432, "slippage_bps": 29.14919308876796, "latency_bars": 0, "timestamp": "2025-09-16T09:32:00Z", "trade_id": "TRD_000003"}
{"order_id": "ORD_7a9eefcb6467", "symbol": "SPY", "side": "BUY", "quantity": 48.425466082218804, "price": 446.892497883827, "notional": 21640.977498671302, "slippage_bps": 19.786504424273314, "latency_bars": 0, "timestamp": "2025-09-16T09:30:00Z", "trade_id": "TRD_000004"}
{"order_id": "ORD_89e263399dab", "symbol": "DUST", "side": "BUY", "quantity": 2674.8302618816683, "price": 10.455363721741628, "notional": 27966.323281894256, "slippage_bps": 150.83856479769753, "latency_bars": 0, "timestamp": "2025-09-16T09:31:00Z", "trade_id": "TRD_000005"}
{"order_id": "ORD_151e3f0e324e", "symbol": "AAPL", "side": "SELL", "quantity": 79.62615760468157, "price": 175.64847076053277, "notional": 13986.212815799485, "slippage_bps": 19.97325224245588, "latency_bars": 0, "timestamp": "2025-09-16T09:30:00Z", "trade_id": "TRD_000001"}
{"order_id": "ORD_fb94967ad564", "symbol": "MSFT", "side": "BUY", "quantity": 6.3170296969880155, "price": 331.5923771817525, "notional": 2094.678893951982, "slippage_bps": 14.266041971265363, "latency_bars": 0, "timestamp": "2025-09-16T09:31:00Z", "trade_id": "TRD_000002"}
{"order_id": "ORD_1360b8185210", "symbol": "GOOGL", "side": "BUY", "quantity": 218.33912488475994, "price": 141.5313534128687, "notional": 30901.831847921432, "slippage_bps": 29.14919308876796, "latency_bars": 0, "timestamp": "2025-09-16T09:32:00Z", "trade_id": "TRD_000003"}
{"order_id": "ORD_b49c996835ef", "symbol": "SPY", "side": "BUY", "quantity": 48.425466082218804, "price": 446.892497883827, "notional": 21640.977498671302, "slippage_bps": 19.786504424273314, "latency_bars": 0, "timestamp": "2025-09-16T09:30:00Z", "trade_id": "TRD_000004"}
{"order_id": "ORD_d19a48fd9cb5", "symbol": "DUST", "side": "BUY", "quantity": 2674.8302618816683, "price": 10.455363721741628, "notional": 27966.323281894256, "slippage_bps": 150.83856479769753, "latency_bars": 0, "timestamp": "2025-09-16T09:31:00Z", "trade_id": "TRD_000005"}
{"order_id": "ORD_55a75c192be5", "symbol": "AAPL", "side": "SELL", "quantity": 79.62615760468157, "price": 175.64847076053277, "notional": 13986.212815799485, "slippage_bps": 19.97325224245588, "latency_bars": 0, "timestamp": "2025-09-16T09:30:00Z", "trade_id": "TRD_000001"}
{"order_id": "ORD_4ac3bc543981", "symbol": "MSFT", "side": "BUY", "quantity": 6.3170296969880155, "price": 331.5923771817525, "notional": 2094.678893951982, "slippage_bps": 14.266041971265363, "latency_bars": 0, "timestamp": "2025-09-16T09:31:00Z", "trade_id": "TRD_000002"}
{"order_id": "ORD_6761bb7e3d05", "symbol": "GOOGL", "side": "BUY", "quantity": 218.33912488475994, "price": 141.5313534128687, "notional": 30901.831847921432, "slippage_bps": 29.14919308876796, "latency_bars": 0, "timestamp": "2025-09-16T09:32:00Z", "trade_id": "TRD_000003"}
{"order_id": "ORD_76a0d640e831", "symbol": "SPY", "side": "BUY", "quantity": 48.425466082218804, "price": 446.892497883827, "notional": 21640.977498671302, "slippage_bps": 19.786504424273314, "latency_bars": 0, "timestamp": "2025-09-16T09:30:00Z", "trade_id": "TRD_000004"}
{"order_id": "ORD_b9a40c1702db", "symbol": "DUST", "side": "BUY", "quantity": 2674.8302618816683, "price": 10.455363721741628, "notional": 27966.323281894256, "slippage_bps": 150.83856479769753, "latency_bars": 0, "timestamp": "2025-09-16T09:31:00Z", "trade_id": "TRD_000005"}
{"order_id": "ORD_9658cc98d6a3", "symbol": "AAPL", "side": "SELL", "quantity": 79.62615760468157, "price": 175.82628932580056, "notional": 14000.371824902535, "slippage_bps": 9.869924670422073, "latency_bars": 0, "timestamp": "2025-09-16T09:30:00Z", "trade_id": "TRD_000001"}
{"order_id": "ORD_ce27b899e3d4", "symbol": "MSFT", "side": "BUY", "quantity": 6.3170296969880155, "price": 331.446435427497, "notional": 2093.7569755563195, "slippage_bps": 9.858523420422072, "latency_bars": 0, "timestamp": "2025-09-16T09:31:00Z", "trade_id": "TRD_000002"}
{"order_id": "ORD_757ab7b5b8db", "symbol": "GOOGL", "side": "BUY", "quantity": 218.33912488475994, "price": 141.259810731029, "notional": 30842.543456399693, "slippage_bps": 9.907223003755405, "latency_bars": 0, "timestamp": "2025-09-16T09:32:00Z", "trade_id": "TRD_000003"}
{"order_id": "ORD_9637209023fa", "symbol": "SPY", "side": "BUY", "quantity": 48.425466082218804, "price": 446.45018548495926, "notional": 21619.55831460219, "slippage_bps": 9.869408420422072, "latency_bars": 0, "timestamp": "2025-09-16T09:30:00Z", "trade_id": "TRD_000004"}
{"order_id": "ORD_4b8052d28e76", "symbol": "DUST", "side": "BUY", "quantity": 2674.8302618816683, "price": 10.312992069460535, "notional": 27585.50327793869, "slippage_bps": 12.613659670422072, "latency_bars": 0, "timestamp": "2025-09-16T09:31:00Z", "trade_id": "TRD_000005"}
{"order_id": "ORD_9c8252079bb4", "symbol": "AAPL", "side": "SELL", "quantity": 79.62615760468157, "price": 175.64847076053277, "notional": 13986.212815799485, "slippage_bps": 19.97325224245588, "latency_bars": 0, "timestamp": "2025-09-16T09:30:00Z", "trade_id": "TRD_000001"}
{"order_id": "ORD_c9f72211ab88", "symbol": "MSFT", "side": "BUY", "quantity": 6.3170296969880155, "price": 331.5923771817525, "notional": 2094.678893951982, "slippage_bps": 14.266041971265363, "latency_bars": 0, "timestamp": "2025-09-16T09:31:00Z", "trade_id": "TRD_000002"}
{"order_id": "ORD_b83a4d04c052", "symbol": "GOOGL", "side": "BUY", "quantity": 218.33912488475994, "price": 141.5313534128687, "notional": 30901.831847921432, "slippage_bps": 29.14919308876796, "latency_bars": 0, "timestamp": "2025-09-16T09:32:00Z", "trade_id": "TRD_000003"}
{"order_id": "ORD_2b30ba8bdd20", "symbol": "SPY", "side": "BUY", "quantity": 48.425466082218804, "price": 446.892497883827, "notional": 21640.977498671302, "slippage_bps": 19.786504424273314, "latency_bars": 0, "timestamp": "2025-09-16T09:30:00Z", "trade_id": "TRD_000004"}
{"order_id": "ORD_290ecd6bec0f", "symbol": "DUST", "side": "BUY", "quantity": 2674.8302618816683, "price": 10.455363721741628, "notional": 27966.323281894256, "slippage_bps": 150.83856479769753, "latency_bars": 0, "timestamp": "2025-09-16T09:31:00Z", "trade_id": "TRD_000005"}
{"order_id": "ORD_5847e33368d7", "symbol": "AAPL", "side": "SELL", "quantity": 79.62615760468157, "price": 175.64847076053277, "notional": 13986.212815799485, "slippage_bps": 19.97325224245588, "latency_bars": 0, "timestamp": "2025-09-16T09:30:00Z", "trade_id": "TRD_000001"}
{"order_id": "ORD_22055b0be5e1", "symbol": "MSFT", "side": "BUY", "quantity": 6.3170296969880155, "price": 331.5923771817525, "notional": 2094.678893951982, "slippage_bps": 14.266041971265363, "latency_bars": 0, "timestamp": "2025-09-16T09:31:00Z", "trade_id": "TRD_000002"}
{"order_id": "ORD_4a7cca2e87b0", "symbol": "GOOGL", "side": "BUY", "quantity": 218.33912488475994, "price": 141.5313534128687, "notional": 30901.831847921432, "slippage_bps": 29.14919308876796, "latency_bars": 0, "timestamp": "2025-09-16T09:32:00Z", "trade_id": "TRD_000003"}
{"order_id": "ORD_943d41c288ef", "symbol": "SPY", "side": "BUY", "quantity": 48.425466082218804, "price": 446.892497883827, "notional": 21640.977498671302, "slippage_bps": 19.786504424273314, "latency_bars": 0, "timestamp": "2025-09-16T09:30:00Z", "trade_id": "TRD_000004"}
{"order_id": "ORD_e437d0bb198a", "symbol": "DUST", "side": "BUY", "quantity": 2674.8302618816683, "price": 10.455363721741628, "notional": 27966.323281894256, "slippage_bps": 150.83856479769753, "latency_bars": 0, "timestamp": "2025-09-16T09:31:00Z", "trade_id": "TRD_000005"}
{"order_id": "ORD_ba90349abe23", "symbol": "AAPL", "side": "SELL", "quantity": 79.62615760468157, "price": 175.64847076053277, "notional": 13986.212815799485, "slippage_bps": 19.97325224245588, "latency_bars": 0, "timestamp": "2025-09-16T09:30:00Z", "trade_id": "TRD_000001"}
{"order_id": "ORD_f0bf524e43b3", "symbol": "MSFT", "side": "BUY", "quantity": 6.3170296969880155, "price": 331.5923771817525, "notional": 2094.678893951982, "slippage_bps": 14.266041971265363, "latency_bars": 0, "timestamp": "2025-09-16T09:31:00Z", "trade_id": "TRD_000002"}
{"order_id": "ORD_dfc9228d2562", "symbol": "GOOGL", "side": "BUY", "quantity": 218.33912488475994, "price": 141.5313534128687, "notional": 30901.831847921432, "slippage_bps": 29.14919308876796, "latency_bars": 0, "timestamp": "2025-09-16T09:32:00Z", "trade_id": "TRD_000003"}
{"order_id": "ORD_df5d7c452e85", "symbol": "SPY", "side": "BUY", "quantity": 48.425466082218804, "price": 446.892497883827, "notional": 21640.977498671302, "slippage_bps": 19.786504424273314, "latency_bars": 0, "timestamp": "2025-09-16T09:30:00Z", "trade_id": "TRD_000004"}
{"order_id": "ORD_c92cceb4ef09", "symbol": "DUST", "side": "BUY", "quantity": 2674.8302618816683, "price": 10.455363721741628, "notional": 27966.323281894256, "slippage_bps": 150.83856479769753, "latency_bars": 0, "timestamp": "2025-09-16T09:31:00Z", "trade_id": "TRD_000005"}
{"order_id": "ORD_ae6c72771728", "symbol": "AAPL", "side": "SELL", "quantity": 79.62615760468157, "price": 175.64847076053277, "notional": 13986.212815799485, "slippage_bps": 19.97325224245588, "latency_bars": 0, "timestamp": "2025-09-16T09:30:00Z", "trade_id": "TRD_000001"}
{"order_id": "ORD_b1e4e79c0d2d", "symbol": "MSFT", "side": "BUY", "quantity": 6.3170296969880155, "price": 331.5923771817525, "notional": 2094.678893951982, "slippage_bps": 14.266041971265363, "latency_bars": 0, "timestamp": "2025-09-16T09:31:00Z", "trade_id": "TRD_000002"}
{"order_id": "ORD_7f8d336427af", "symbol": "GOOGL", "side": "BUY", "quantity": 218.33912488475994, "price": 141.5313534128687, "notional": 30901.831847921432, "slippage_bps": 29.14919308876796, "latency_bars": 0, "timestamp": "2025-09-16T09:32:00Z", "trade_id": "TRD_000003"}
{"order_id": "ORD_a728b662ec63", "symbol": "SPY", "side": "BUY", "quantity": 48.425466082218804, "price": 446.892497883827, "notional": 21640.977498671302, "slippage_bps": 19.786504424273314, "latency_bars": 0, "timestamp": "2025-09-16T09:30:00Z", "trade_id": "TRD_000004"}
{"order_id": "ORD_bd14b80d8635", "symbol": "DUST", "side": "BUY", "quantity": 2674.8302618816683, "price": 10.455363721741628, "notional": 27966.323281894256, "slippage_bps": 150.83856479769753, "latency_bars": 0, "timestamp": "2025-09-16T09:31:00Z", "trade_id": "TRD_000005"}
{"order_id": "ORD_306f67fae812", "symbol": "AAPL", "side": "SELL", "quantity": 79.62615760468157, "price": 175.82628932580056, "notional": 14000.371824902535, "slippage_bps": 9.869924670422073, "latency_bars": 0, "timestamp": "2025-09-16T09:30:00Z", "trade_id": "TRD_000001"}
{"order_id": "ORD_76599841cce8", "symbol": "MSFT", "side": "BUY", "quantity": 6.3170296969880155, "price": 331.446435427497, "notional": 2093.7569755563195, "slippage_bps": 9.858523420422072, "latency_bars": 0, "timestamp": "2025-09-16T09:31:00Z", "trade_id": "TRD_000002"}
{"order_id": "ORD_659a7b1140bd", "symbol": "GOOGL", "side": "BUY", "quantity": 218.33912488475994, "price": 141.259810731029, "notional": 30842.543456399693, "slippage_bps": 9.907223003755405, "latency_bars": 0, "timestamp": "2025-09-16T09:32:00Z", "trade_id": "TRD_000003"}
{"order_id": "ORD_85da0ead3233", "symbol": "SPY", "side": "BUY", "quantity": 48.425466082218804, "price": 446.45018548495926, "notional": 21619.55831460219, "slippage_bps": 9.869408420422072, "latency_bars": 0, "timestamp": "2025-09-16T09:30:00Z", "trade_id": "TRD_000004"}
{"order_id": "ORD_37511fcc52d8", "symbol": "DUST", "side": "BUY", "quantity": 2674.8302618816683, "price": 10.312992069460535, "notional": 27585.50327793869, "slippage_bps": 12.613659670422072, "latency_bars": 0, "timestamp": "2025-09-16T09:31:00Z", "trade_id": "TRD_000005"}
{"order_id": "ORD_0805e6dc71d5", "symbol": "AAPL", "side": "SELL", "quantity": 79.62615760468157, "price": 175.64847076053277, "notional": 13986.212815799485, "slippage_bps": 19.97325224245588, "latency_bars": 0, "timestamp": "2025-09-16T09:30:00Z", "trade_id": "TRD_000001"}
{"order_id": "ORD_ba45be1d90bc", "symbol": "MSFT", "side": "BUY", "quantity": 6.3170296969880155, "price": 331.5923771817525, "notional": 2094.678893951982, "slippage_bps": 14.266041971265363, "latency_bars": 0, "timestamp": "2025-09-16T09:31:00Z", "trade_id": "TRD_000002"}
{"order_id": "ORD_8ac104ebd7d0", "symbol": "GOOGL", "side": "BUY", "quantity": 218.33912488475994, "price": 141.5313534128687, "notional": 30901.831847921432, "slippage_bps": 29.14919308876796, "latency_bars": 0, "timestamp": "2025-09-16T09:32:00Z", "trade_id": "TRD_000003"}
{"order_id": "ORD_a15a10ed7c8d", "symbol": "SPY", "side": "BUY", "quantity": 48.425466082218804, "price": 446.892497883827, "notional": 21640.977498671302, "slippage_bps": 19.786504424273314, "latency_bars": 0, "timestamp": "2025-09-16T09:30:00Z", "trade_id": "TRD_000004"}
{"order_id": "ORD_18acfd8d1c64", "symbol": "DUST", "side": "BUY", "quantity": 2674.8302618816683, "price": 10.455363721741628, "notional": 27966.323281894256, "slippage_bps": 150.83856479769753, "latency_bars": 0, "timestamp": "2025-09-16T09:31:00Z", "trade_id": "TRD_000005"}
{"order_id": "ORD_37c22be5dee6", "symbol": "AAPL", "side": "SELL", "quantity": 79.62615760468157, "price": 175.64847076053277, "notional": 13986.212815799485, "slippage_bps": 19.97325224245588, "latency_bars": 0, "timestamp": "2025-09-16T09:30:00Z", "trade_id": "TRD_000001"}
{"order_id": "ORD_7de768726c8c", "symbol": "MSFT", "side": "BUY", "quantity": 6.3170296969880155, "price": 331.5923771817525, "notional": 2094.678893951982, "slippage_bps": 14.266041971265363, "latency_bars": 0, "timestamp": "2025-09-16T09:31:00Z", "trade_id": "TRD_000002"}
{"order_id": "ORD_06abd2c696b3", "symbol": "GOOGL", "side": "BUY", "quantity": 218.33912488475994, "price": 141.5313534128687, "notional": 30901.831847921432, "slippage_bps": 29.14919308876796, "latency_bars": 0, "timestamp": "2025-09-16T09:32:00Z", "trade_id": "TRD_000003"}
{"order_id": "ORD_161f25a60ea7", "symbol": "SPY", "side": "BUY", "quantity": 48.425466082218804, "price": 446.892497883827, "notional": 21640.977498671302, "slippage_bps": 19.786504424273314, "latency_bars": 0, "timestamp": "2025-09-16T09:30:00Z", "trade_id": "TRD_000004"}
{"order_id": "ORD_2a9c16e0b6b1", "symbol": "DUST", "side": "BUY", "quantity": 2674.8302618816683, "price": 10.455363721741628, "notional": 27966.323281894256, "slippage_bps": 150.83856479769753, "latency_bars": 0, "timestamp": "2025-09-16T09:31:00Z", "trade_id": "TRD_000005"}
{"order_id": "ORD_5940c601bd44", "symbol": "AAPL", "side": "SELL", "quantity": 79.62615760468157, "price": 175.64847076053277, "notional": 13986.212815799485, "slippage_bps": 19.97325224245588, "latency_bars": 0, "timestamp": "2025-09-16T09:30:00Z", "trade_id": "TRD_000001"}
{"order_id": "ORD_226d6fb5924e", "symbol": "MSFT", "side": "BUY", "quantity": 6.3170296969880155, "price": 331.5923771817525, "notional": 2094.678893951982, "slippage_bps": 14.266041971265363, "latency_bars": 0, "timestamp": "2025-09-16T09:31:00Z", "trade_id": "TRD_000002"}
{"order_id": "ORD_b5a33f94e126", "symbol": "GOOGL", "side": "BUY", "quantity": 218.33912488475994, "price": 141.5313534128687, "notional": 30901.831847921432, "slippage_bps": 29.14919308876796, "latency_bars": 0, "timestamp": "2025-09-16T09:32:00Z", "trade_id": "TRD_000003"}
{"order_id": "ORD_0d95a9cf055d", "symbol": "SPY", "side": "BUY", "quantity": 48.425466082218804, "price": 446.892497883827, "notional": 21640.977498671302, "slippage_bps": 19.786504424273314, "latency_bars": 0, "timestamp": "2025-09-16T09:30:00Z", "trade_id": "TRD_000004"}
{"order_id": "ORD_77aa344ac61d", "symbol": "DUST", "side": "BUY", "quantity": 2674.8302618816683, "price": 10.455363721741628, "notional": 27966.323281894256, "slippage_bps": 150.83856479769753, "latency_bars": 0, "timestamp": "2025-09-16T09:31:00Z", "trade_id": "TRD_000005"}
{"order_id": "ORD_c7dcee705f56", "symbol": "AAPL", "side": "SELL", "quantity": 79.62615760468157, "price": 175.64847076053277, "notional": 13986.212815799485, "slippage_bps": 19.97325224245588, "latency_bars": 0, "timestamp": "2025-09-16T09:30:00Z", "trade_id": "TRD_000001"}
{"order_id": "ORD_54cc0c7f923a", "symbol": "MSFT", "side": "BUY", "quantity": 6.3170296969880155, "price": 331.5923771817525, "notional": 2094.678893951982, "slippage_bps": 14.266041971265363, "latency_bars": 0, "timestamp": "2025-09-16T09:31:00Z", "trade_id": "TRD_000002"}
{"order_id": "ORD_725bc12c8d52", "symbol": "GOOGL", "side": "BUY", "quantity": 218.33912488475994, "price": 141.5313534128687, "notional": 30901.831847921432, "slippage_bps": 29.14919308876796, "latency_bars": 0, "timestamp": "2025-09-16T09:32:00Z", "trade_id": "TRD_000003"}
{"order_id": "ORD_ebf95feeabcd", "symbol": "SPY", "side": "BUY", "quantity": 48.425466082218804, "price": 446.892497883827, "notional": 21640.977498671302, "slippage_bps": 19.786504424273314, "latency_bars": 0, "timestamp": "2025-09-16T09:30:00Z", "trade_id": "TRD_000004"}
{"order_id": "ORD_fa838c02b43f", "symbol": "DUST", "side": "BUY", "quantity": 2674.8302618816683, "price": 10.455363721741628, "notional": 27966.323281894256, "slippage_bps": 150.83856479769753, "latency_bars": 0, "timestamp": "2025-09-16T09:31:00Z", "trade_id": "TRD_000005"}
{"order_id": "ORD_8d786a306905", "symbol": "AAPL", "side": "SELL", "quantity": 79.62615760468157, "price": 175.64847076053277, "notional": 13986.212815799485, "slippage_bps": 19.97325224245588, "latency_bars": 0, "timestamp": "2025-09-16T09:30:00Z", "trade_id": "TRD_000001"}
{"order_id": "ORD_769bab9a9620", "symbol": "MSFT", "side": "BUY", "quantity": 6.3170296969880155, "price": 331.5923771817525, "notional": 2094.678893951982, "slippage_bps": 14.266041971265363, "latency_bars": 0, "timestamp": "2025-09-16T09:31:00Z", "trade_id": "TRD_000002"}
{"order_id": "ORD_a31daf5994e9", "symbol": "GOOGL", "side": "BUY", "quantity": 218.33912488475994, "price": 141.5313534128687, "notional": 30901.831847921432, "slippage_bps": 29.14919308876796, "latency_bars": 0, "timestamp": "2025-09-16T09:32:00Z", "trade_id": "TRD_000003"}
{"order_id": "ORD_bda8101b0c01", "symbol": "SPY", "side": "BUY", "quantity": 48.425466082218804, "price": 446.892497883827, "notional": 21640.977498671302, "slippage_bps": 19.786504424273314, "latency_bars": 0, "timestamp": "2025-09-16T09:30:00Z", "trade_id": "TRD_000004"}
{"order_id": "ORD_0bd76d2cae14", "symbol": "DUST", "side": "BUY", "quantity": 2674.8302618816683, "price": 10.455363721741628, "notional": 27966.323281894256, "slippage_bps": 150.83856479769753, "latency_bars": 0, "timestamp": "2025-09-16T09:31:00Z", "trade_id": "TRD_000005"}
{"order_id": "ORD_596b72e2207f", "symbol": "AAPL", "side": "SELL", "quantity": 79.62615760468157, "price": 175.64847076053277, "notional": 13986.212815799485, "slippage_bps": 19.97325224245588, "latency_bars": 0, "timestamp": "2025-09-16T09:30:00Z", "trade_id": "TRD_000001"}
{"order_id": "ORD_ca494607e101", "symbol": "MSFT", "side": "BUY", "quantity": 6.3170296969880155, "price": 331.5923771817525, "notional": 2094.678893951982, "slippage_bps": 14.266041971265363, "latency_bars": 0, "timestamp": "2025-09-16T09:31:00Z", "trade_id": "TRD_000002"}
{"order_id": "ORD_2888d5e1b9a1", "symbol": "GOOGL", "side": "BUY", "quantity": 218.33912488475994, "price": 141.5313534128687, "notional": 30901.831847921432, "slippage_bps": 29.14919308876796, "latency_bars": 0, "timestamp": "2025-09-16T09:32:00Z", "trade_id": "TRD_000003"}
{"order_id": "ORD_db71e5c83a13", "symbol": "SPY", "side": "BUY", "quantity": 48.425466082218804, "price": 446.892497883827, "notional": 21640.977498671302, "slippage_bps": 19.786504424273314, "latency_bars": 0, "timestamp": "2025-09-16T09:30:00Z", "trade_id": "TRD_000004"}
{"order_id": "ORD_cbab1a6396d0", "symbol": "DUST", "side": "BUY", "quantity": 2674.8302618816683, "price": 10.455363721741628, "notional": 27966.323281894256, "slippage_bps": 150.83856479769753, "latency_bars": 0, "timestamp": "2025-09-16T09:31:00Z", "trade_id": "TRD_000005"}
{"order_id": "ORD_5880220cf503", "symbol": "AAPL", "side": "SELL", "quantity": 79.62615760468157, "price": 175.64847076053277, "notional": 13986.212815799485, "slippage_bps": 19.97325224245588, "latency_bars": 0, "timestamp": "2025-09-16T09:30:00Z", "trade_id": "TRD_000001"}
{"order_id": "ORD_8fb1c3d996b1", "symbol": "MSFT", "side": "BUY", "quantity": 6.3170296969880155, "price": 331.5923771817525, "notional": 2094.678893951982, "slippage_bps": 14.266041971265363, "latency_bars": 0, "timestamp": "2025-09-16T09:31:00Z", "trade_id": "TRD_000002"}
{"order_id": "ORD_7395115b1c1f", "symbol": "GOOGL", "side": "BUY", "quantity": 218.33912488475994, "price": 141.5313534128687, "notional": 30901.831847921432, "slippage_bps": 29.14919308876796, "latency_bars": 0, "timestamp": "2025-09-16T09:32:00Z", "trade_id": "TRD_000003"}
{"order_id": "ORD_9a1380689bdd", "symbol": "SPY", "side": "BUY", "quantity": 48.425466082218804, "price": 446.892497883827, "notional": 21640.977498671302, "slippage_bps": 19.786504424273314, "latency_bars": 0, "timestamp": "2025-09-16T09:30:00Z", "trade_id": "TRD_000004"}
{"order_id": "ORD_c38e578db88f", "symbol": "DUST", "side": "BUY", "quantity": 2674.8302618816683, "price": 10.455363721741628, "notional": 27966.323281894256, "slippage_bps": 150.83856479769753, "latency_bars": 0, "timestamp": "2025-09-16T09:31:00Z", "trade_id": "TRD_000005"}
